%YAML 1.1
%TAG !u! tag:unity3d.com,2011:
--- !u!1 &100000
GameObject:
  m_ObjectHideFlags: 0
  m_PrefabParentObject: {fileID: 0}
  m_PrefabInternal: {fileID: 100100000}
  serializedVersion: 4
  m_Component:
  - 4: {fileID: 400000}
  - 212: {fileID: 21200000}
  - 50: {fileID: 5000000}
  - 95: {fileID: 9500000}
  - 60: {fileID: 6000000}
  - 114: {fileID: 11400000}
  m_Layer: 0
  m_Name: Player_StickMan01
  m_TagString: Player
  m_Icon: {fileID: 0}
  m_NavMeshLayer: 0
  m_StaticEditorFlags: 0
  m_IsActive: 1
--- !u!1 &100002
GameObject:
  m_ObjectHideFlags: 0
  m_PrefabParentObject: {fileID: 0}
  m_PrefabInternal: {fileID: 100100000}
  serializedVersion: 4
  m_Component:
  - 4: {fileID: 400002}
  m_Layer: 0
  m_Name: GroundCheck
  m_TagString: Untagged
  m_Icon: {fileID: 0}
  m_NavMeshLayer: 0
  m_StaticEditorFlags: 0
  m_IsActive: 1
--- !u!4 &400000
Transform:
  m_ObjectHideFlags: 1
  m_PrefabParentObject: {fileID: 0}
  m_PrefabInternal: {fileID: 100100000}
  m_GameObject: {fileID: 100000}
  m_LocalRotation: {x: 0, y: 0, z: 0, w: 1}
  m_LocalPosition: {x: -.75, y: .625288188, z: 0}
  m_LocalScale: {x: 1.13999999, y: 1.13999999, z: 1.13999999}
  m_Children:
  - {fileID: 400002}
  m_Father: {fileID: 0}
--- !u!4 &400002
Transform:
  m_ObjectHideFlags: 1
  m_PrefabParentObject: {fileID: 0}
  m_PrefabInternal: {fileID: 100100000}
  m_GameObject: {fileID: 100002}
  m_LocalRotation: {x: 0, y: 0, z: 0, w: 1}
  m_LocalPosition: {x: 0, y: -.01579592, z: 0}
  m_LocalScale: {x: 1, y: .993311763, z: 1}
  m_Children: []
  m_Father: {fileID: 400000}
--- !u!50 &5000000
Rigidbody2D:
  m_ObjectHideFlags: 1
  m_PrefabParentObject: {fileID: 0}
  m_PrefabInternal: {fileID: 100100000}
  m_GameObject: {fileID: 100000}
  m_Mass: 1
  m_LinearDrag: 0
  m_AngularDrag: 0
  m_GravityScale: 1
  m_FixedAngle: 1
  m_IsKinematic: 0
  m_Interpolate: 1
  m_SleepingMode: 0
  m_CollisionDetection: 1
--- !u!60 &6000000
PolygonCollider2D:
  m_ObjectHideFlags: 1
  m_PrefabParentObject: {fileID: 0}
  m_PrefabInternal: {fileID: 100100000}
  m_GameObject: {fileID: 100000}
  m_Enabled: 1
  m_Material: {fileID: 0}
  m_IsTrigger: 0
  m_Poly:
    m_Paths:
    - - {x: -.0298340321, y: .230058491}
      - {x: -.0304014683, y: .140413582}
      - {x: -.0401574373, y: .140292585}
      - {x: -.050593853, y: .0800053179}
      - {x: -.0558361597, y: .0393060222}
      - {x: -.0478453413, y: .0014268317}
      - {x: .0470720455, y: .00142683345}
      - {x: .0380834378, y: .0497135706}
      - {x: .0521326065, y: .071632117}
      - {x: .0404065847, y: .150349975}
      - {x: .0306023359, y: .150408}
      - {x: .0293951035, y: .229992867}
    - - {x: -.0199999996, y: .129999995}
      - {x: -.0299999993, y: .109999999}
      - {x: -.00999999978, y: .0899999961}
      - {x: 0, y: .0899999961}
      - {x: .00999999978, y: .0799999982}
      - {x: .00999999978, y: .0799999982}
      - {x: -.00999999978, y: .0799999982}
      - {x: -.00999999978, y: .0799999982}
    - - {x: 0, y: .199999988}
      - {x: 0, y: .199999988}
      - {x: 0, y: .189999998}
      - {x: 0, y: .189999998}
--- !u!95 &9500000
Animator:
  serializedVersion: 2
  m_ObjectHideFlags: 1
  m_PrefabParentObject: {fileID: 0}
  m_PrefabInternal: {fileID: 100100000}
  m_GameObject: {fileID: 100000}
  m_Enabled: 1
  m_Avatar: {fileID: 0}
  m_Controller: {fileID: 9100000, guid: 5e0233ebd2ea42d4e8ad9190864f01ea, type: 2}
  m_CullingMode: 0
  m_ApplyRootMotion: 0
  m_AnimatePhysics: 1
  m_HasTransformHierarchy: 1
--- !u!114 &11400000
MonoBehaviour:
  m_ObjectHideFlags: 1
  m_PrefabParentObject: {fileID: 0}
  m_PrefabInternal: {fileID: 100100000}
  m_GameObject: {fileID: 100000}
  m_Enabled: 1
  m_EditorHideFlags: 0
  m_Script: {fileID: 11500000, guid: 97dc7f8476e9a984ea5055561da6cf30, type: 3}
  m_Name: 
  m_EditorClassIdentifier: 
  jumpForce: 175
  jetpackForce: 535
  groundCheck: {fileID: 400002}
  rigid2DVelocity: {x: 0, y: 0}
  jumpMode: 2
--- !u!212 &21200000
SpriteRenderer:
  m_ObjectHideFlags: 1
  m_PrefabParentObject: {fileID: 0}
  m_PrefabInternal: {fileID: 100100000}
  m_GameObject: {fileID: 100000}
  m_Enabled: 1
  m_CastShadows: 0
  m_ReceiveShadows: 0
  m_LightmapIndex: 255
  m_LightmapTilingOffset: {x: 1, y: 1, z: 0, w: 0}
  m_Materials:
  - {fileID: 10754, guid: 0000000000000000e000000000000000, type: 0}
  m_SubsetIndices: 
  m_StaticBatchRoot: {fileID: 0}
  m_UseLightProbes: 0
  m_LightProbeAnchor: {fileID: 0}
  m_ScaleInLightmap: 1
  m_SortingLayer: 0
  m_SortingOrder: 0
  m_SortingLayerID: 0
  m_Sprite: {fileID: 21300000, guid: 239793dcf973b234c8c60e8118e6c89e, type: 3}
  m_Color: {r: 1, g: 1, b: 1, a: 1}
--- !u!1001 &100100000
Prefab:
  m_ObjectHideFlags: 1
  serializedVersion: 2
  m_Modification:
    m_TransformParent: {fileID: 0}
    m_Modifications: []
    m_RemovedComponents: []
  m_ParentPrefab: {fileID: 0}
  m_RootGameObject: {fileID: 100000}
  m_IsPrefabParent: 1
  m_IsExploded: 1
