%YAML 1.1
%TAG !u! tag:unity3d.com,2011:
--- !u!29 &1
SceneSettings:
  m_ObjectHideFlags: 0
  m_PVSData: 
  m_PVSObjectsArray: []
  m_PVSPortalsArray: []
  m_OcclusionBakeSettings:
    smallestOccluder: 5
    smallestHole: .25
    backfaceThreshold: 100
--- !u!104 &2
RenderSettings:
  m_Fog: 0
  m_FogColor: {r: .5, g: .5, b: .5, a: 1}
  m_FogMode: 3
  m_FogDensity: .00999999978
  m_LinearFogStart: 0
  m_LinearFogEnd: 300
  m_AmbientLight: {r: 1, g: 1, b: 1, a: 1}
  m_SkyboxMaterial: {fileID: 0}
  m_HaloStrength: .5
  m_FlareStrength: 1
  m_FlareFadeSpeed: 3
  m_HaloTexture: {fileID: 0}
  m_SpotCookie: {fileID: 0}
  m_ObjectHideFlags: 0
--- !u!127 &3
LevelGameManager:
  m_ObjectHideFlags: 0
--- !u!157 &4
LightmapSettings:
  m_ObjectHideFlags: 0
  m_LightProbes: {fileID: 0}
  m_Lightmaps: []
  m_LightmapsMode: 1
  m_BakedColorSpace: 0
  m_UseDualLightmapsInForward: 0
  m_LightmapEditorSettings:
    m_Resolution: 50
    m_LastUsedResolution: 0
    m_TextureWidth: 1024
    m_TextureHeight: 1024
    m_BounceBoost: 1
    m_BounceIntensity: 1
    m_SkyLightColor: {r: .860000014, g: .930000007, b: 1, a: 1}
    m_SkyLightIntensity: 0
    m_Quality: 0
    m_Bounces: 1
    m_FinalGatherRays: 1000
    m_FinalGatherContrastThreshold: .0500000007
    m_FinalGatherGradientThreshold: 0
    m_FinalGatherInterpolationPoints: 15
    m_AOAmount: 0
    m_AOMaxDistance: .100000001
    m_AOContrast: 1
    m_LODSurfaceMappingDistance: 1
    m_Padding: 0
    m_TextureCompression: 0
    m_LockAtlas: 0
--- !u!196 &5
NavMeshSettings:
  m_ObjectHideFlags: 0
  m_BuildSettings:
    agentRadius: .5
    agentHeight: 2
    agentSlope: 45
    agentClimb: .400000006
    ledgeDropHeight: 0
    maxJumpAcrossDistance: 0
    accuratePlacement: 0
    minRegionArea: 2
    widthInaccuracy: 16.666666
    heightInaccuracy: 10
  m_NavMesh: {fileID: 0}
--- !u!1 &178323446
GameObject:
  m_ObjectHideFlags: 0
  m_PrefabParentObject: {fileID: 0}
  m_PrefabInternal: {fileID: 0}
  serializedVersion: 4
  m_Component:
  - 4: {fileID: 178323447}
  - 114: {fileID: 178323448}
  m_Layer: 0
  m_Name: ObstacleSpawner
  m_TagString: Untagged
  m_Icon: {fileID: 0}
  m_NavMeshLayer: 0
  m_StaticEditorFlags: 0
  m_IsActive: 1
--- !u!4 &178323447
Transform:
  m_ObjectHideFlags: 0
  m_PrefabParentObject: {fileID: 0}
  m_PrefabInternal: {fileID: 0}
  m_GameObject: {fileID: 178323446}
  m_LocalRotation: {x: 0, y: 0, z: 0, w: 1}
  m_LocalPosition: {x: 0, y: 0, z: 0}
  m_LocalScale: {x: 1, y: 1, z: 1}
  m_Children: []
  m_Father: {fileID: 956543070}
--- !u!114 &178323448
MonoBehaviour:
  m_ObjectHideFlags: 0
  m_PrefabParentObject: {fileID: 0}
  m_PrefabInternal: {fileID: 0}
  m_GameObject: {fileID: 178323446}
  m_Enabled: 1
  m_EditorHideFlags: 0
  m_Script: {fileID: 11500000, guid: ad68425ec56e61a4fb094b6885a89a4f, type: 3}
  m_Name: 
  m_EditorClassIdentifier: 
  obstaclesParent: {fileID: 499549037}
  newObstacle: {fileID: 100000, guid: e3f6de3b7edcbfb499a95e0d6d7e7215, type: 2}
  obstaclesToSpawn:
  - {fileID: 100000, guid: e3f6de3b7edcbfb499a95e0d6d7e7215, type: 2}
  - {fileID: 100000, guid: 84c451d3dfe1d42479690169c82f38b5, type: 2}
  - {fileID: 100002, guid: 15dd2d020af8de248a6d898f55b6f76d, type: 2}
  - {fileID: 100002, guid: eaaf5c29f69cac54b99c1afc9204291e, type: 2}
  coinBatchesToSpawn:
  - {fileID: 100002, guid: ec618f0c60eb23b4fba39300d50c20da, type: 2}
  - {fileID: 100002, guid: 1f34da7bf1e0fe342853ee0b50b4e8e6, type: 2}
  - {fileID: 100002, guid: d4283d95f3df4174ebf599403ff8f4f2, type: 2}
  - {fileID: 100002, guid: 4d766ccdfccf5844d8e022c86a06cf35, type: 2}
  - {fileID: 100002, guid: a55e5c5bf3dd02948b7c424235e13c8c, type: 2}
  - {fileID: 100002, guid: cba860ffc88ed534181b32e880a8f8de, type: 2}
  obstacleSpawnPosition: {fileID: 374533271}
  spawnObstacles: 0
  spawnRate: 1.60000002
--- !u!1 &195648187
GameObject:
  m_ObjectHideFlags: 0
  m_PrefabParentObject: {fileID: 0}
  m_PrefabInternal: {fileID: 0}
  serializedVersion: 4
  m_Component:
  - 4: {fileID: 195648188}
  - 33: {fileID: 195648192}
  - 64: {fileID: 195648191}
  - 23: {fileID: 195648190}
  - 114: {fileID: 195648189}
  m_Layer: 0
  m_Name: MusicButton
  m_TagString: Untagged
  m_Icon: {fileID: 0}
  m_NavMeshLayer: 0
  m_StaticEditorFlags: 0
  m_IsActive: 1
--- !u!4 &195648188
Transform:
  m_ObjectHideFlags: 0
  m_PrefabParentObject: {fileID: 0}
  m_PrefabInternal: {fileID: 0}
  m_GameObject: {fileID: 195648187}
  m_LocalRotation: {x: 0, y: 0, z: 0, w: 1}
  m_LocalPosition: {x: -.699999988, y: 1.05998516, z: 0}
  m_LocalScale: {x: .147904694, y: .147904694, z: .147904694}
  m_Children: []
  m_Father: {fileID: 2083313608}
--- !u!114 &195648189
MonoBehaviour:
  m_ObjectHideFlags: 0
  m_PrefabParentObject: {fileID: 0}
  m_PrefabInternal: {fileID: 0}
  m_GameObject: {fileID: 195648187}
  m_Enabled: 1
  m_EditorHideFlags: 0
  m_Script: {fileID: 11500000, guid: ba28cc44004a5074cbd853eccdfb087a, type: 3}
  m_Name: 
  m_EditorClassIdentifier: 
  speakerOn: {fileID: 2800000, guid: eaec3783e1075e5429864c9831f94e52, type: 3}
  speakerOff: {fileID: 2800000, guid: 130b4c27837ac5d4c8c5d465c5b07b2d, type: 3}
  musicOn: 1
--- !u!23 &195648190
Renderer:
  m_ObjectHideFlags: 0
  m_PrefabParentObject: {fileID: 0}
  m_PrefabInternal: {fileID: 0}
  m_GameObject: {fileID: 195648187}
  m_Enabled: 1
  m_CastShadows: 1
  m_ReceiveShadows: 1
  m_LightmapIndex: 255
  m_LightmapTilingOffset: {x: 1, y: 1, z: 0, w: 0}
  m_Materials:
  - {fileID: 2100000, guid: f93b40924c7738e48be4424cc67ad7b3, type: 2}
  m_SubsetIndices: 
  m_StaticBatchRoot: {fileID: 0}
  m_UseLightProbes: 0
  m_LightProbeAnchor: {fileID: 0}
  m_ScaleInLightmap: 1
  m_SortingLayer: 0
  m_SortingOrder: 0
  m_SortingLayerID: 0
--- !u!64 &195648191
MeshCollider:
  m_ObjectHideFlags: 0
  m_PrefabParentObject: {fileID: 0}
  m_PrefabInternal: {fileID: 0}
  m_GameObject: {fileID: 195648187}
  m_Material: {fileID: 0}
  m_IsTrigger: 0
  m_Enabled: 1
  serializedVersion: 2
  m_SmoothSphereCollisions: 0
  m_Convex: 0
  m_Mesh: {fileID: 10210, guid: 0000000000000000e000000000000000, type: 0}
--- !u!33 &195648192
MeshFilter:
  m_ObjectHideFlags: 0
  m_PrefabParentObject: {fileID: 0}
  m_PrefabInternal: {fileID: 0}
  m_GameObject: {fileID: 195648187}
  m_Mesh: {fileID: 10210, guid: 0000000000000000e000000000000000, type: 0}
--- !u!1 &203459054
GameObject:
  m_ObjectHideFlags: 0
  m_PrefabParentObject: {fileID: 100002, guid: 57a3d153ef242284eb9628e808098856, type: 2}
  m_PrefabInternal: {fileID: 485599564}
  serializedVersion: 4
  m_Component:
  - 4: {fileID: 203459055}
  m_Layer: 0
  m_Name: GroundCheck
  m_TagString: Untagged
  m_Icon: {fileID: 0}
  m_NavMeshLayer: 0
  m_StaticEditorFlags: 0
  m_IsActive: 1
--- !u!4 &203459055
Transform:
  m_ObjectHideFlags: 0
  m_PrefabParentObject: {fileID: 400002, guid: 57a3d153ef242284eb9628e808098856, type: 2}
  m_PrefabInternal: {fileID: 485599564}
  m_GameObject: {fileID: 203459054}
  m_LocalRotation: {x: 0, y: 0, z: 0, w: 1}
  m_LocalPosition: {x: 0, y: -.010908273, z: 0}
  m_LocalScale: {x: 1, y: .993311763, z: 1}
  m_Children: []
  m_Father: {fileID: 740429463}
--- !u!1 &212693921
GameObject:
  m_ObjectHideFlags: 0
  m_PrefabParentObject: {fileID: 0}
  m_PrefabInternal: {fileID: 0}
  serializedVersion: 4
  m_Component:
  - 4: {fileID: 212693923}
  - 114: {fileID: 212693922}
  m_Layer: 0
  m_Name: PrefsManager
  m_TagString: Untagged
  m_Icon: {fileID: 0}
  m_NavMeshLayer: 0
  m_StaticEditorFlags: 0
  m_IsActive: 1
--- !u!114 &212693922
MonoBehaviour:
  m_ObjectHideFlags: 0
  m_PrefabParentObject: {fileID: 0}
  m_PrefabInternal: {fileID: 0}
  m_GameObject: {fileID: 212693921}
  m_Enabled: 1
  m_EditorHideFlags: 0
  m_Script: {fileID: 11500000, guid: 0d4afbb8f51e60247a78a9ae7692eafa, type: 3}
  m_Name: 
  m_EditorClassIdentifier: 
--- !u!4 &212693923
Transform:
  m_ObjectHideFlags: 0
  m_PrefabParentObject: {fileID: 0}
  m_PrefabInternal: {fileID: 0}
  m_GameObject: {fileID: 212693921}
  m_LocalRotation: {x: 0, y: 0, z: 0, w: 1}
  m_LocalPosition: {x: .689026237, y: .171843916, z: 0}
  m_LocalScale: {x: 1, y: 1, z: 1}
  m_Children: []
  m_Father: {fileID: 956543070}
--- !u!1 &374533271
GameObject:
  m_ObjectHideFlags: 0
  m_PrefabParentObject: {fileID: 0}
  m_PrefabInternal: {fileID: 0}
  serializedVersion: 4
  m_Component:
  - 4: {fileID: 374533272}
  m_Layer: 0
  m_Name: ObstacleSpawnPosition
  m_TagString: Untagged
  m_Icon: {fileID: 0}
  m_NavMeshLayer: 0
  m_StaticEditorFlags: 0
  m_IsActive: 1
--- !u!4 &374533272
Transform:
  m_ObjectHideFlags: 0
  m_PrefabParentObject: {fileID: 0}
  m_PrefabInternal: {fileID: 0}
  m_GameObject: {fileID: 374533271}
  m_LocalRotation: {x: 0, y: 0, z: 0, w: 1}
  m_LocalPosition: {x: 4, y: 0, z: 0}
  m_LocalScale: {x: 1, y: 1, z: 1}
  m_Children: []
  m_Father: {fileID: 0}
--- !u!1001 &485599564
Prefab:
  m_ObjectHideFlags: 0
  serializedVersion: 2
  m_Modification:
    m_TransformParent: {fileID: 0}
    m_Modifications:
    - target: {fileID: 400000, guid: 57a3d153ef242284eb9628e808098856, type: 2}
      propertyPath: m_LocalPosition.x
      value: .565877855
      objectReference: {fileID: 0}
    - target: {fileID: 400000, guid: 57a3d153ef242284eb9628e808098856, type: 2}
      propertyPath: m_LocalPosition.y
      value: -.163965821
      objectReference: {fileID: 0}
    - target: {fileID: 400000, guid: 57a3d153ef242284eb9628e808098856, type: 2}
      propertyPath: m_LocalPosition.z
      value: 0
      objectReference: {fileID: 0}
    - target: {fileID: 400000, guid: 57a3d153ef242284eb9628e808098856, type: 2}
      propertyPath: m_LocalRotation.x
      value: 0
      objectReference: {fileID: 0}
    - target: {fileID: 400000, guid: 57a3d153ef242284eb9628e808098856, type: 2}
      propertyPath: m_LocalRotation.y
      value: 0
      objectReference: {fileID: 0}
    - target: {fileID: 400000, guid: 57a3d153ef242284eb9628e808098856, type: 2}
      propertyPath: m_LocalRotation.z
      value: 0
      objectReference: {fileID: 0}
    - target: {fileID: 400000, guid: 57a3d153ef242284eb9628e808098856, type: 2}
      propertyPath: m_LocalRotation.w
      value: 1
      objectReference: {fileID: 0}
    - target: {fileID: 100000, guid: 57a3d153ef242284eb9628e808098856, type: 2}
      propertyPath: m_IsActive
      value: 0
      objectReference: {fileID: 0}
    m_RemovedComponents: []
  m_ParentPrefab: {fileID: 100100000, guid: 57a3d153ef242284eb9628e808098856, type: 2}
  m_RootGameObject: {fileID: 740429456}
  m_IsPrefabParent: 0
  m_IsExploded: 1
--- !u!1 &499549036
GameObject:
  m_ObjectHideFlags: 0
  m_PrefabParentObject: {fileID: 0}
  m_PrefabInternal: {fileID: 0}
  serializedVersion: 4
  m_Component:
  - 4: {fileID: 499549037}
  m_Layer: 0
  m_Name: ObstaclesParent
  m_TagString: Untagged
  m_Icon: {fileID: 0}
  m_NavMeshLayer: 0
  m_StaticEditorFlags: 0
  m_IsActive: 1
--- !u!4 &499549037
Transform:
  m_ObjectHideFlags: 0
  m_PrefabParentObject: {fileID: 0}
  m_PrefabInternal: {fileID: 0}
  m_GameObject: {fileID: 499549036}
  m_LocalRotation: {x: 0, y: 0, z: 0, w: 1}
  m_LocalPosition: {x: 0, y: 0, z: 0}
  m_LocalScale: {x: 1, y: 1, z: 1}
  m_Children: []
  m_Father: {fileID: 0}
--- !u!1 &527135023
GameObject:
  m_ObjectHideFlags: 0
  m_PrefabParentObject: {fileID: 0}
  m_PrefabInternal: {fileID: 0}
  serializedVersion: 4
  m_Component:
  - 4: {fileID: 527135024}
  - 114: {fileID: 527135025}
  m_Layer: 0
  m_Name: AdManager
  m_TagString: Untagged
  m_Icon: {fileID: 0}
  m_NavMeshLayer: 0
  m_StaticEditorFlags: 0
  m_IsActive: 1
--- !u!4 &527135024
Transform:
  m_ObjectHideFlags: 0
  m_PrefabParentObject: {fileID: 0}
  m_PrefabInternal: {fileID: 0}
  m_GameObject: {fileID: 527135023}
  m_LocalRotation: {x: 0, y: 0, z: 0, w: 1}
  m_LocalPosition: {x: .689026237, y: .171843916, z: 0}
  m_LocalScale: {x: 1, y: 1, z: 1}
  m_Children: []
  m_Father: {fileID: 956543070}
--- !u!114 &527135025
MonoBehaviour:
  m_ObjectHideFlags: 0
  m_PrefabParentObject: {fileID: 0}
  m_PrefabInternal: {fileID: 0}
  m_GameObject: {fileID: 527135023}
  m_Enabled: 1
  m_EditorHideFlags: 0
  m_Script: {fileID: 11500000, guid: 7d3a164ed3d18074d8217344d6a68256, type: 3}
  m_Name: 
  m_EditorClassIdentifier: 
--- !u!1 &603482649
GameObject:
  m_ObjectHideFlags: 0
  m_PrefabParentObject: {fileID: 0}
  m_PrefabInternal: {fileID: 0}
  serializedVersion: 4
  m_Component:
  - 4: {fileID: 603482654}
  - 20: {fileID: 603482653}
  - 92: {fileID: 603482652}
  - 124: {fileID: 603482651}
  - 81: {fileID: 603482650}
  m_Layer: 0
  m_Name: Main Camera
  m_TagString: MainCamera
  m_Icon: {fileID: 0}
  m_NavMeshLayer: 0
  m_StaticEditorFlags: 0
  m_IsActive: 1
--- !u!81 &603482650
AudioListener:
  m_ObjectHideFlags: 0
  m_PrefabParentObject: {fileID: 0}
  m_PrefabInternal: {fileID: 0}
  m_GameObject: {fileID: 603482649}
  m_Enabled: 1
--- !u!124 &603482651
Behaviour:
  m_ObjectHideFlags: 0
  m_PrefabParentObject: {fileID: 0}
  m_PrefabInternal: {fileID: 0}
  m_GameObject: {fileID: 603482649}
  m_Enabled: 1
--- !u!92 &603482652
Behaviour:
  m_ObjectHideFlags: 0
  m_PrefabParentObject: {fileID: 0}
  m_PrefabInternal: {fileID: 0}
  m_GameObject: {fileID: 603482649}
  m_Enabled: 1
--- !u!20 &603482653
Camera:
  m_ObjectHideFlags: 0
  m_PrefabParentObject: {fileID: 0}
  m_PrefabInternal: {fileID: 0}
  m_GameObject: {fileID: 603482649}
  m_Enabled: 1
  serializedVersion: 2
  m_ClearFlags: 1
  m_BackGroundColor: {r: .801470578, g: .801470578, b: .801470578, a: 1}
  m_NormalizedViewPortRect:
    serializedVersion: 2
    x: 0
    y: 0
    width: 1
    height: 1
  near clip plane: 0
  far clip plane: 1000
  field of view: 60
  orthographic: 1
  orthographic size: 1
  m_Depth: -1
  m_CullingMask:
    serializedVersion: 2
    m_Bits: 4294967295
  m_RenderingPath: -1
  m_TargetTexture: {fileID: 0}
  m_HDR: 0
  m_OcclusionCulling: 1
--- !u!4 &603482654
Transform:
  m_ObjectHideFlags: 0
  m_PrefabParentObject: {fileID: 0}
  m_PrefabInternal: {fileID: 0}
  m_GameObject: {fileID: 603482649}
  m_LocalRotation: {x: 0, y: 0, z: 0, w: 1}
  m_LocalPosition: {x: 0, y: 0, z: -10}
  m_LocalScale: {x: 1, y: 1, z: 1}
  m_Children: []
  m_Father: {fileID: 0}
--- !u!1001 &675501460
Prefab:
  m_ObjectHideFlags: 0
  serializedVersion: 2
  m_Modification:
    m_TransformParent: {fileID: 956543070}
    m_Modifications:
    - target: {fileID: 400000, guid: 8e437b1506e324228a91f4bf371165fb, type: 2}
      propertyPath: m_LocalPosition.x
      value: 0
      objectReference: {fileID: 0}
    - target: {fileID: 400000, guid: 8e437b1506e324228a91f4bf371165fb, type: 2}
      propertyPath: m_LocalPosition.y
      value: 0
      objectReference: {fileID: 0}
    - target: {fileID: 400000, guid: 8e437b1506e324228a91f4bf371165fb, type: 2}
      propertyPath: m_LocalPosition.z
      value: 0
      objectReference: {fileID: 0}
    - target: {fileID: 400000, guid: 8e437b1506e324228a91f4bf371165fb, type: 2}
      propertyPath: m_LocalRotation.x
      value: 0
      objectReference: {fileID: 0}
    - target: {fileID: 400000, guid: 8e437b1506e324228a91f4bf371165fb, type: 2}
      propertyPath: m_LocalRotation.y
      value: 0
      objectReference: {fileID: 0}
    - target: {fileID: 400000, guid: 8e437b1506e324228a91f4bf371165fb, type: 2}
      propertyPath: m_LocalRotation.z
      value: 0
      objectReference: {fileID: 0}
    - target: {fileID: 400000, guid: 8e437b1506e324228a91f4bf371165fb, type: 2}
      propertyPath: m_LocalRotation.w
      value: 1
      objectReference: {fileID: 0}
    m_RemovedComponents:
    - {fileID: 11400002, guid: 8e437b1506e324228a91f4bf371165fb, type: 2}
  m_ParentPrefab: {fileID: 100100000, guid: 8e437b1506e324228a91f4bf371165fb, type: 2}
  m_RootGameObject: {fileID: 1682574188}
  m_IsPrefabParent: 0
  m_IsExploded: 1
--- !u!1 &740429456
GameObject:
  m_ObjectHideFlags: 0
  m_PrefabParentObject: {fileID: 100000, guid: 57a3d153ef242284eb9628e808098856, type: 2}
  m_PrefabInternal: {fileID: 485599564}
  serializedVersion: 4
  m_Component:
  - 4: {fileID: 740429463}
  - 212: {fileID: 740429462}
  - 50: {fileID: 740429461}
  - 95: {fileID: 740429460}
  - 60: {fileID: 740429459}
  - 114: {fileID: 740429458}
  - 82: {fileID: 740429457}
  m_Layer: 0
  m_Name: Player_Robot01
  m_TagString: Player
  m_Icon: {fileID: 0}
  m_NavMeshLayer: 0
  m_StaticEditorFlags: 0
  m_IsActive: 0
--- !u!82 &740429457
AudioSource:
  m_ObjectHideFlags: 0
  m_PrefabParentObject: {fileID: 8200000, guid: 57a3d153ef242284eb9628e808098856,
    type: 2}
  m_PrefabInternal: {fileID: 485599564}
  m_GameObject: {fileID: 740429456}
  m_Enabled: 1
  serializedVersion: 3
  m_audioClip: {fileID: 8300000, guid: 7abb44f1aa452dd4ba6c6b2d58fd472e, type: 3}
  m_PlayOnAwake: 1
  m_Volume: 0
  m_Pitch: 1
  Loop: 1
  Mute: 0
  Priority: 128
  DopplerLevel: 1
  MinDistance: 1
  MaxDistance: 500
  Pan2D: 0
  rolloffMode: 0
  BypassEffects: 0
  BypassListenerEffects: 0
  BypassReverbZones: 0
  rolloffCustomCurve:
    serializedVersion: 2
    m_Curve:
    - time: 0
      value: 1
      inSlope: 0
      outSlope: 0
      tangentMode: 0
    - time: 1
      value: 0
      inSlope: 0
      outSlope: 0
      tangentMode: 0
    m_PreInfinity: 2
    m_PostInfinity: 2
  panLevelCustomCurve:
    serializedVersion: 2
    m_Curve:
    - time: 0
      value: 1
      inSlope: 0
      outSlope: 0
      tangentMode: 0
    m_PreInfinity: 2
    m_PostInfinity: 2
  spreadCustomCurve:
    serializedVersion: 2
    m_Curve:
    - time: 0
      value: 0
      inSlope: 0
      outSlope: 0
      tangentMode: 0
    m_PreInfinity: 2
    m_PostInfinity: 2
--- !u!114 &740429458
MonoBehaviour:
  m_ObjectHideFlags: 0
  m_PrefabParentObject: {fileID: 11400000, guid: 57a3d153ef242284eb9628e808098856,
    type: 2}
  m_PrefabInternal: {fileID: 485599564}
  m_GameObject: {fileID: 740429456}
  m_Enabled: 1
  m_EditorHideFlags: 0
  m_Script: {fileID: 11500000, guid: 97dc7f8476e9a984ea5055561da6cf30, type: 3}
  m_Name: 
  m_EditorClassIdentifier: 
  jumpForce: 175
  jetpackForce: 535
  groundCheck: {fileID: 203459055}
  rigid2DVelocity: {x: 0, y: 0}
  runningSound: {fileID: 1590536407}
  runningSoundVolume: .100000001
  landSoundVolume: .200000003
  mutedSFX: 0
  jumpMode: 2
--- !u!60 &740429459
PolygonCollider2D:
  m_ObjectHideFlags: 0
  m_PrefabParentObject: {fileID: 6000000, guid: 57a3d153ef242284eb9628e808098856,
    type: 2}
  m_PrefabInternal: {fileID: 485599564}
  m_GameObject: {fileID: 740429456}
  m_Enabled: 1
  m_Material: {fileID: 0}
  m_IsTrigger: 0
  m_Poly:
    m_Paths:
    - - {x: .0200615022, y: .0802143887}
      - {x: .0200678855, y: .120061733}
      - {x: .0102294711, y: .120488681}
      - {x: .0100638894, y: .130057439}
      - {x: -9.34896889e-05, y: .130091041}
      - {x: -.000451459724, y: .120413966}
      - {x: -.0200882051, y: .120121673}
      - {x: -.0212720428, y: .0908015147}
      - {x: -.0501728542, y: .0901167765}
      - {x: -.0502427407, y: .049886059}
      - {x: -.0400680713, y: .0301161464}
      - {x: -.0400517806, y: -3.17076738e-05}
      - {x: .0400260016, y: -8.90092542e-06}
      - {x: .040031936, y: .0300627705}
      - {x: .049992241, y: .0500027612}
      - {x: .0500289612, y: .0800031945}
--- !u!95 &740429460
Animator:
  serializedVersion: 2
  m_ObjectHideFlags: 0
  m_PrefabParentObject: {fileID: 9500000, guid: 57a3d153ef242284eb9628e808098856,
    type: 2}
  m_PrefabInternal: {fileID: 485599564}
  m_GameObject: {fileID: 740429456}
  m_Enabled: 1
  m_Avatar: {fileID: 0}
  m_Controller: {fileID: 9100000, guid: 1027986ab3b25eb48b63806fbdcdf816, type: 2}
  m_CullingMode: 0
  m_ApplyRootMotion: 0
  m_AnimatePhysics: 1
  m_HasTransformHierarchy: 1
--- !u!50 &740429461
Rigidbody2D:
  m_ObjectHideFlags: 0
  m_PrefabParentObject: {fileID: 5000000, guid: 57a3d153ef242284eb9628e808098856,
    type: 2}
  m_PrefabInternal: {fileID: 485599564}
  m_GameObject: {fileID: 740429456}
  m_Mass: 1
  m_LinearDrag: 0
  m_AngularDrag: 0
  m_GravityScale: 1
  m_FixedAngle: 1
  m_IsKinematic: 0
  m_Interpolate: 1
  m_SleepingMode: 0
  m_CollisionDetection: 1
--- !u!212 &740429462
SpriteRenderer:
  m_ObjectHideFlags: 0
  m_PrefabParentObject: {fileID: 21200000, guid: 57a3d153ef242284eb9628e808098856,
    type: 2}
  m_PrefabInternal: {fileID: 485599564}
  m_GameObject: {fileID: 740429456}
  m_Enabled: 1
  m_CastShadows: 0
  m_ReceiveShadows: 0
  m_LightmapIndex: 255
  m_LightmapTilingOffset: {x: 1, y: 1, z: 0, w: 0}
  m_Materials:
  - {fileID: 10754, guid: 0000000000000000e000000000000000, type: 0}
  m_SubsetIndices: 
  m_StaticBatchRoot: {fileID: 0}
  m_UseLightProbes: 0
  m_LightProbeAnchor: {fileID: 0}
  m_ScaleInLightmap: 1
  m_SortingLayer: 0
  m_SortingOrder: 0
  m_SortingLayerID: 0
  m_Sprite: {fileID: 21300000, guid: 80d78c1ba6c3df84a805327dfcb06581, type: 3}
  m_Color: {r: 1, g: 1, b: 1, a: 1}
--- !u!4 &740429463
Transform:
  m_ObjectHideFlags: 0
  m_PrefabParentObject: {fileID: 400000, guid: 57a3d153ef242284eb9628e808098856, type: 2}
  m_PrefabInternal: {fileID: 485599564}
  m_GameObject: {fileID: 740429456}
  m_LocalRotation: {x: 0, y: 0, z: 0, w: 1}
  m_LocalPosition: {x: .565877855, y: -.163965821, z: 0}
  m_LocalScale: {x: 2.09990001, y: 2.09990001, z: 2.09990001}
  m_Children:
  - {fileID: 1590536408}
  - {fileID: 203459055}
  m_Father: {fileID: 0}
--- !u!1 &863018994
GameObject:
  m_ObjectHideFlags: 0
  m_PrefabParentObject: {fileID: 0}
  m_PrefabInternal: {fileID: 0}
  serializedVersion: 4
  m_Component:
  - 4: {fileID: 863018996}
  - 114: {fileID: 863018995}
  - 82: {fileID: 863018997}
  m_Layer: 0
  m_Name: GameManager
  m_TagString: Untagged
  m_Icon: {fileID: 0}
  m_NavMeshLayer: 0
  m_StaticEditorFlags: 0
  m_IsActive: 1
--- !u!114 &863018995
MonoBehaviour:
  m_ObjectHideFlags: 0
  m_PrefabParentObject: {fileID: 0}
  m_PrefabInternal: {fileID: 0}
  m_GameObject: {fileID: 863018994}
  m_Enabled: 1
  m_EditorHideFlags: 0
  m_Script: {fileID: 11500000, guid: 513196e35508151498bed8bb6e2e2f4b, type: 3}
  m_Name: 
  m_EditorClassIdentifier: 
  topAndBottomColliders: {fileID: 931139734}
  playerPrefab: {fileID: 100000, guid: 57a3d153ef242284eb9628e808098856, type: 2}
  difficultyIncreaseRate: 10
  startingDifficulty: 1
  startScrollSpeed: 1
  scrollSpeedStep: .00999999978
  scrollSpeedIncreaseRate: 1
  distanceTraveledReal: 0
  distanceHighScore: 0
  totalDistanceForUser: 0
  coinsTotal: 0
--- !u!4 &863018996
Transform:
  m_ObjectHideFlags: 0
  m_PrefabParentObject: {fileID: 0}
  m_PrefabInternal: {fileID: 0}
  m_GameObject: {fileID: 863018994}
  m_LocalRotation: {x: 0, y: 0, z: 0, w: 1}
  m_LocalPosition: {x: 0, y: 0, z: 0}
  m_LocalScale: {x: 1, y: 1, z: 1}
  m_Children: []
  m_Father: {fileID: 956543070}
--- !u!82 &863018997
AudioSource:
  m_ObjectHideFlags: 0
  m_PrefabParentObject: {fileID: 0}
  m_PrefabInternal: {fileID: 0}
  m_GameObject: {fileID: 863018994}
  m_Enabled: 1
  serializedVersion: 3
  m_audioClip: {fileID: 8300000, guid: 466d2fca9464b544790c4be1efa10a91, type: 3}
  m_PlayOnAwake: 1
  m_Volume: .300000012
  m_Pitch: 1
  Loop: 1
  Mute: 0
  Priority: 128
  DopplerLevel: 1
  MinDistance: 1
  MaxDistance: 500
  Pan2D: 0
  rolloffMode: 0
  BypassEffects: 0
  BypassListenerEffects: 0
  BypassReverbZones: 0
  rolloffCustomCurve:
    serializedVersion: 2
    m_Curve:
    - time: 0
      value: 1
      inSlope: 0
      outSlope: 0
      tangentMode: 0
    - time: 1
      value: 0
      inSlope: 0
      outSlope: 0
      tangentMode: 0
    m_PreInfinity: 2
    m_PostInfinity: 2
  panLevelCustomCurve:
    serializedVersion: 2
    m_Curve:
    - time: 0
      value: 1
      inSlope: 0
      outSlope: 0
      tangentMode: 0
    m_PreInfinity: 2
    m_PostInfinity: 2
  spreadCustomCurve:
    serializedVersion: 2
    m_Curve:
    - time: 0
      value: 0
      inSlope: 0
      outSlope: 0
      tangentMode: 0
    m_PreInfinity: 2
    m_PostInfinity: 2
--- !u!1 &931139734
GameObject:
  m_ObjectHideFlags: 0
  m_PrefabParentObject: {fileID: 0}
  m_PrefabInternal: {fileID: 0}
  serializedVersion: 4
  m_Component:
  - 4: {fileID: 931139735}
  m_Layer: 0
  m_Name: GroundAndCeling
  m_TagString: Untagged
  m_Icon: {fileID: 0}
  m_NavMeshLayer: 0
  m_StaticEditorFlags: 0
  m_IsActive: 1
--- !u!4 &931139735
Transform:
  m_ObjectHideFlags: 0
  m_PrefabParentObject: {fileID: 0}
  m_PrefabInternal: {fileID: 0}
  m_GameObject: {fileID: 931139734}
  m_LocalRotation: {x: 0, y: 0, z: 0, w: 1}
  m_LocalPosition: {x: 0, y: 0, z: 0}
  m_LocalScale: {x: 1, y: 1, z: 1}
  m_Children:
  - {fileID: 1567915859}
  - {fileID: 1434805187}
  m_Father: {fileID: 0}
--- !u!1 &952729991
GameObject:
  m_ObjectHideFlags: 0
  m_PrefabParentObject: {fileID: 0}
  m_PrefabInternal: {fileID: 0}
  serializedVersion: 4
  m_Component:
  - 4: {fileID: 952729992}
  - 114: {fileID: 952729993}
  m_Layer: 0
  m_Name: Achievements
  m_TagString: Untagged
  m_Icon: {fileID: 0}
  m_NavMeshLayer: 0
  m_StaticEditorFlags: 0
  m_IsActive: 1
--- !u!4 &952729992
Transform:
  m_ObjectHideFlags: 0
  m_PrefabParentObject: {fileID: 0}
  m_PrefabInternal: {fileID: 0}
  m_GameObject: {fileID: 952729991}
  m_LocalRotation: {x: 0, y: 0, z: 0, w: 1}
  m_LocalPosition: {x: .689025998, y: .171844006, z: 0}
  m_LocalScale: {x: 1, y: 1, z: 1}
  m_Children: []
  m_Father: {fileID: 956543070}
--- !u!114 &952729993
MonoBehaviour:
  m_ObjectHideFlags: 0
  m_PrefabParentObject: {fileID: 0}
  m_PrefabInternal: {fileID: 0}
  m_GameObject: {fileID: 952729991}
  m_Enabled: 1
  m_EditorHideFlags: 0
  m_Script: {fileID: 11500000, guid: d69795bbbe07e704ab67bd2863fa44b3, type: 3}
  m_Name: 
  m_EditorClassIdentifier: 
--- !u!1 &956543069
GameObject:
  m_ObjectHideFlags: 0
  m_PrefabParentObject: {fileID: 0}
  m_PrefabInternal: {fileID: 0}
  serializedVersion: 4
  m_Component:
  - 4: {fileID: 956543070}
  m_Layer: 0
  m_Name: Managers
  m_TagString: Untagged
  m_Icon: {fileID: 0}
  m_NavMeshLayer: 0
  m_StaticEditorFlags: 0
  m_IsActive: 1
--- !u!4 &956543070
Transform:
  m_ObjectHideFlags: 0
  m_PrefabParentObject: {fileID: 0}
  m_PrefabInternal: {fileID: 0}
  m_GameObject: {fileID: 956543069}
  m_LocalRotation: {x: 0, y: 0, z: 0, w: 1}
  m_LocalPosition: {x: 0, y: 0, z: 0}
  m_LocalScale: {x: 1, y: 1, z: 1}
  m_Children:
  - {fileID: 527135024}
  - {fileID: 952729992}
  - {fileID: 1682574189}
  - {fileID: 2086203670}
  - {fileID: 1596694541}
  - {fileID: 863018996}
  - {fileID: 1022695099}
  - {fileID: 212693923}
  - {fileID: 1855372933}
  - {fileID: 1120794918}
  - {fileID: 178323447}
  - {fileID: 1267846336}
  m_Father: {fileID: 0}
--- !u!1 &1022695098
GameObject:
  m_ObjectHideFlags: 0
  m_PrefabParentObject: {fileID: 0}
  m_PrefabInternal: {fileID: 0}
  serializedVersion: 4
  m_Component:
  - 4: {fileID: 1022695099}
  - 114: {fileID: 1022695100}
  m_Layer: 0
  m_Name: FlashMessageManager
  m_TagString: Untagged
  m_Icon: {fileID: 0}
  m_NavMeshLayer: 0
  m_StaticEditorFlags: 0
  m_IsActive: 1
--- !u!4 &1022695099
Transform:
  m_ObjectHideFlags: 0
  m_PrefabParentObject: {fileID: 0}
  m_PrefabInternal: {fileID: 0}
  m_GameObject: {fileID: 1022695098}
  m_LocalRotation: {x: 0, y: 0, z: 0, w: 1}
  m_LocalPosition: {x: .689026237, y: .171843916, z: 0}
  m_LocalScale: {x: 1, y: 1, z: 1}
  m_Children: []
  m_Father: {fileID: 956543070}
--- !u!114 &1022695100
MonoBehaviour:
  m_ObjectHideFlags: 0
  m_PrefabParentObject: {fileID: 0}
  m_PrefabInternal: {fileID: 0}
  m_GameObject: {fileID: 1022695098}
  m_Enabled: 1
  m_EditorHideFlags: 0
  m_Script: {fileID: 11500000, guid: 66e969543b15a5247ac96d034f72c10f, type: 3}
  m_Name: 
  m_EditorClassIdentifier: 
  showMessages: 0
  messageFadeOutStart: 99999
  messageFadeOutTime: 6
  messageColor: {r: .572075307, g: .127919555, b: .669117689, a: 1}
  guiSkin: {fileID: 11400000, guid: 04543b0e2bc42714b89b1348e7af4bdd, type: 2}
  demoMode: 0
  showDebugLog: 1
  showStackTrace: 0
  panelPosition: 2
  flowDirection: 1
--- !u!1 &1120794916
GameObject:
  m_ObjectHideFlags: 0
  m_PrefabParentObject: {fileID: 0}
  m_PrefabInternal: {fileID: 0}
  serializedVersion: 4
  m_Component:
  - 4: {fileID: 1120794918}
  - 114: {fileID: 1120794917}
  m_Layer: 0
  m_Name: MenuManager
  m_TagString: Untagged
  m_Icon: {fileID: 0}
  m_NavMeshLayer: 0
  m_StaticEditorFlags: 0
  m_IsActive: 1
--- !u!114 &1120794917
MonoBehaviour:
  m_ObjectHideFlags: 0
  m_PrefabParentObject: {fileID: 0}
  m_PrefabInternal: {fileID: 0}
  m_GameObject: {fileID: 1120794916}
  m_Enabled: 1
  m_EditorHideFlags: 0
  m_Script: {fileID: 11500000, guid: 438980ab85777e54c823a1be56d02405, type: 3}
  m_Name: 
  m_EditorClassIdentifier: 
  menuGUISkin: {fileID: 11400000, guid: 9d96669267bb65744854b034a68d4532, type: 2}
  debugGUISkin: {fileID: 11400000, guid: 5305a311693c295499349487916abd2a, type: 2}
  showDebugInfo: 1
  showDebugMenu: 1
  showStoreMenu: 0
  showOptionsMenu: 0
--- !u!4 &1120794918
Transform:
  m_ObjectHideFlags: 0
  m_PrefabParentObject: {fileID: 0}
  m_PrefabInternal: {fileID: 0}
  m_GameObject: {fileID: 1120794916}
  m_LocalRotation: {x: 0, y: 0, z: 0, w: 1}
  m_LocalPosition: {x: 0, y: 0, z: 0}
  m_LocalScale: {x: 1, y: 1, z: 1}
  m_Children: []
  m_Father: {fileID: 956543070}
--- !u!1 &1154949715
GameObject:
  m_ObjectHideFlags: 0
  m_PrefabParentObject: {fileID: 0}
  m_PrefabInternal: {fileID: 0}
  serializedVersion: 4
  m_Component:
  - 4: {fileID: 1154949720}
  - 33: {fileID: 1154949719}
  - 64: {fileID: 1154949718}
  - 23: {fileID: 1154949717}
  - 114: {fileID: 1154949716}
  m_Layer: 0
  m_Name: SFXButton
  m_TagString: Untagged
  m_Icon: {fileID: 0}
  m_NavMeshLayer: 0
  m_StaticEditorFlags: 0
  m_IsActive: 1
--- !u!114 &1154949716
MonoBehaviour:
  m_ObjectHideFlags: 0
  m_PrefabParentObject: {fileID: 0}
  m_PrefabInternal: {fileID: 0}
  m_GameObject: {fileID: 1154949715}
  m_Enabled: 1
  m_EditorHideFlags: 0
  m_Script: {fileID: 11500000, guid: 2be4f78f9ccc8a94b8b082a086808fbd, type: 3}
  m_Name: 
  m_EditorClassIdentifier: 
  speakerOn: {fileID: 2800000, guid: fd18d07c6feb2d44a90ef72858151071, type: 3}
  speakerOff: {fileID: 2800000, guid: 3c6497f46b71ad7418a41e17a6145316, type: 3}
  musicOn: 1
--- !u!23 &1154949717
Renderer:
  m_ObjectHideFlags: 0
  m_PrefabParentObject: {fileID: 0}
  m_PrefabInternal: {fileID: 0}
  m_GameObject: {fileID: 1154949715}
  m_Enabled: 1
  m_CastShadows: 1
  m_ReceiveShadows: 1
  m_LightmapIndex: 255
  m_LightmapTilingOffset: {x: 1, y: 1, z: 0, w: 0}
  m_Materials:
  - {fileID: 2100000, guid: d49a242ac4ce7564c99293b5f8953824, type: 2}
  m_SubsetIndices: 
  m_StaticBatchRoot: {fileID: 0}
  m_UseLightProbes: 0
  m_LightProbeAnchor: {fileID: 0}
  m_ScaleInLightmap: 1
  m_SortingLayer: 0
  m_SortingOrder: 0
  m_SortingLayerID: 0
--- !u!64 &1154949718
MeshCollider:
  m_ObjectHideFlags: 0
  m_PrefabParentObject: {fileID: 0}
  m_PrefabInternal: {fileID: 0}
  m_GameObject: {fileID: 1154949715}
  m_Material: {fileID: 0}
  m_IsTrigger: 0
  m_Enabled: 1
  serializedVersion: 2
  m_SmoothSphereCollisions: 0
  m_Convex: 0
  m_Mesh: {fileID: 10210, guid: 0000000000000000e000000000000000, type: 0}
--- !u!33 &1154949719
MeshFilter:
  m_ObjectHideFlags: 0
  m_PrefabParentObject: {fileID: 0}
  m_PrefabInternal: {fileID: 0}
  m_GameObject: {fileID: 1154949715}
  m_Mesh: {fileID: 10210, guid: 0000000000000000e000000000000000, type: 0}
--- !u!4 &1154949720
Transform:
  m_ObjectHideFlags: 0
  m_PrefabParentObject: {fileID: 0}
  m_PrefabInternal: {fileID: 0}
  m_GameObject: {fileID: 1154949715}
  m_LocalRotation: {x: 0, y: 0, z: 0, w: 1}
  m_LocalPosition: {x: -.449999988, y: 1.05998516, z: 0}
  m_LocalScale: {x: .147904694, y: .147904694, z: .147904694}
  m_Children: []
  m_Father: {fileID: 2083313608}
--- !u!1 &1267846335
GameObject:
  m_ObjectHideFlags: 0
  m_PrefabParentObject: {fileID: 100000, guid: d65b5b8b42ae8f54780d300fb8a1b82b, type: 2}
  m_PrefabInternal: {fileID: 1811697868}
  serializedVersion: 4
  m_Component:
  - 4: {fileID: 1267846336}
  - 114: {fileID: 1267846337}
  m_Layer: 0
  m_Name: SoundManager
  m_TagString: Untagged
  m_Icon: {fileID: 0}
  m_NavMeshLayer: 0
  m_StaticEditorFlags: 0
  m_IsActive: 1
--- !u!4 &1267846336
Transform:
  m_ObjectHideFlags: 0
  m_PrefabParentObject: {fileID: 400000, guid: d65b5b8b42ae8f54780d300fb8a1b82b, type: 2}
  m_PrefabInternal: {fileID: 1811697868}
  m_GameObject: {fileID: 1267846335}
  m_LocalRotation: {x: 0, y: 0, z: 0, w: 1}
  m_LocalPosition: {x: -.000192642212, y: 0, z: 0}
  m_LocalScale: {x: 1, y: 1, z: 1}
  m_Children: []
  m_Father: {fileID: 956543070}
--- !u!114 &1267846337
MonoBehaviour:
  m_ObjectHideFlags: 0
  m_PrefabParentObject: {fileID: 11400000, guid: d65b5b8b42ae8f54780d300fb8a1b82b,
    type: 2}
  m_PrefabInternal: {fileID: 1811697868}
  m_GameObject: {fileID: 1267846335}
  m_Enabled: 1
  m_EditorHideFlags: 0
  m_Script: {fileID: 11500000, guid: 617da7e6dc6c82f43988a70b1b7fd69e, type: 3}
  m_Name: 
  m_EditorClassIdentifier: 
  soundConnections: []
  audios: []
  currentLevel: 
  currentSoundConnection: {fileID: 0}
  crossDuration: 5
  showDebug: 1
  offTheBGM: 0
  isPaused: 0
  movingOnFromSong: 0
  storage: {fileID: 0}
  RESOURCES_PATH: Sounds/SFX
  storedSFXs:
  - {fileID: 8300000, guid: 273cbae5882bd7c4aa233a40b8c19a76, type: 3}
  - {fileID: 8300000, guid: 08c27d2d5765b214894a64a29c9a8165, type: 3}
  ownedSFXObjects: []
  unOwnedSFXObjects: []
  sfxGroups:
  - {fileID: 1320189571}
  clipToGroupKeys:
  - GotAllCoinsInBatch01
  clipToGroupValues:
  - CoinSounds
  mCurrentOwnedSFXObject: 0
  offTheSFX: 0
  CAP_AMOUNT: 3
--- !u!114 &1320189571
MonoBehaviour:
  m_ObjectHideFlags: 0
  m_PrefabParentObject: {fileID: 0}
  m_PrefabInternal: {fileID: 0}
  m_GameObject: {fileID: 0}
  m_Enabled: 1
  m_EditorHideFlags: 0
  m_Script: {fileID: 11500000, guid: 5efe91ecd21c286469ff227cfd2a1c22, type: 3}
  m_Name: 
  m_EditorClassIdentifier: 
  groupName: CoinSounds
  specificCapAmount: -1
--- !u!1 &1434805186
GameObject:
  m_ObjectHideFlags: 0
  m_PrefabParentObject: {fileID: 0}
  m_PrefabInternal: {fileID: 0}
  serializedVersion: 4
  m_Component:
  - 4: {fileID: 1434805187}
  - 33: {fileID: 1434805190}
  - 23: {fileID: 1434805188}
  - 61: {fileID: 1434805189}
  m_Layer: 0
  m_Name: ceiling
  m_TagString: Untagged
  m_Icon: {fileID: 0}
  m_NavMeshLayer: 0
  m_StaticEditorFlags: 0
  m_IsActive: 1
--- !u!4 &1434805187
Transform:
  m_ObjectHideFlags: 0
  m_PrefabParentObject: {fileID: 0}
  m_PrefabInternal: {fileID: 0}
  m_GameObject: {fileID: 1434805186}
  m_LocalRotation: {x: 0, y: 0, z: 0, w: 1}
  m_LocalPosition: {x: 0, y: 1.51600003, z: 0}
  m_LocalScale: {x: 10, y: 1, z: 1}
  m_Children: []
  m_Father: {fileID: 931139735}
--- !u!23 &1434805188
Renderer:
  m_ObjectHideFlags: 0
  m_PrefabParentObject: {fileID: 0}
  m_PrefabInternal: {fileID: 0}
  m_GameObject: {fileID: 1434805186}
  m_Enabled: 1
  m_CastShadows: 1
  m_ReceiveShadows: 1
  m_LightmapIndex: 255
  m_LightmapTilingOffset: {x: 1, y: 1, z: 0, w: 0}
  m_Materials:
  - {fileID: 10302, guid: 0000000000000000f000000000000000, type: 0}
  m_SubsetIndices: 
  m_StaticBatchRoot: {fileID: 0}
  m_UseLightProbes: 0
  m_LightProbeAnchor: {fileID: 0}
  m_ScaleInLightmap: 1
  m_SortingLayer: 0
  m_SortingOrder: 0
  m_SortingLayerID: 0
--- !u!61 &1434805189
BoxCollider2D:
  m_ObjectHideFlags: 0
  m_PrefabParentObject: {fileID: 0}
  m_PrefabInternal: {fileID: 0}
  m_GameObject: {fileID: 1434805186}
  m_Enabled: 1
  m_Material: {fileID: 0}
  m_IsTrigger: 0
  m_Size: {x: 1, y: 1}
  m_Center: {x: 0, y: 0}
--- !u!33 &1434805190
MeshFilter:
  m_ObjectHideFlags: 0
  m_PrefabParentObject: {fileID: 0}
  m_PrefabInternal: {fileID: 0}
  m_GameObject: {fileID: 1434805186}
  m_Mesh: {fileID: 10202, guid: 0000000000000000e000000000000000, type: 0}
--- !u!1 &1567915858
GameObject:
  m_ObjectHideFlags: 0
  m_PrefabParentObject: {fileID: 0}
  m_PrefabInternal: {fileID: 0}
  serializedVersion: 4
  m_Component:
  - 4: {fileID: 1567915859}
  - 33: {fileID: 1567915862}
  - 23: {fileID: 1567915860}
  - 61: {fileID: 1567915861}
  m_Layer: 12
  m_Name: ground
  m_TagString: ground
  m_Icon: {fileID: 0}
  m_NavMeshLayer: 0
  m_StaticEditorFlags: 0
  m_IsActive: 1
--- !u!4 &1567915859
Transform:
  m_ObjectHideFlags: 0
  m_PrefabParentObject: {fileID: 0}
  m_PrefabInternal: {fileID: 0}
  m_GameObject: {fileID: 1567915858}
  m_LocalRotation: {x: 0, y: 0, z: 0, w: 1}
  m_LocalPosition: {x: 0, y: -1.51600003, z: 0}
  m_LocalScale: {x: 10, y: 1, z: 1}
  m_Children: []
  m_Father: {fileID: 931139735}
--- !u!23 &1567915860
Renderer:
  m_ObjectHideFlags: 0
  m_PrefabParentObject: {fileID: 0}
  m_PrefabInternal: {fileID: 0}
  m_GameObject: {fileID: 1567915858}
  m_Enabled: 1
  m_CastShadows: 1
  m_ReceiveShadows: 1
  m_LightmapIndex: 255
  m_LightmapTilingOffset: {x: 1, y: 1, z: 0, w: 0}
  m_Materials:
  - {fileID: 10302, guid: 0000000000000000f000000000000000, type: 0}
  m_SubsetIndices: 
  m_StaticBatchRoot: {fileID: 0}
  m_UseLightProbes: 0
  m_LightProbeAnchor: {fileID: 0}
  m_ScaleInLightmap: 1
  m_SortingLayer: 0
  m_SortingOrder: 0
  m_SortingLayerID: 0
--- !u!61 &1567915861
BoxCollider2D:
  m_ObjectHideFlags: 0
  m_PrefabParentObject: {fileID: 0}
  m_PrefabInternal: {fileID: 0}
  m_GameObject: {fileID: 1567915858}
  m_Enabled: 1
  m_Material: {fileID: 0}
  m_IsTrigger: 0
  m_Size: {x: 1, y: 1}
  m_Center: {x: 0, y: 0}
--- !u!33 &1567915862
MeshFilter:
  m_ObjectHideFlags: 0
  m_PrefabParentObject: {fileID: 0}
  m_PrefabInternal: {fileID: 0}
  m_GameObject: {fileID: 1567915858}
  m_Mesh: {fileID: 10202, guid: 0000000000000000e000000000000000, type: 0}
--- !u!1 &1590536406
GameObject:
  m_ObjectHideFlags: 0
  m_PrefabParentObject: {fileID: 100004, guid: 57a3d153ef242284eb9628e808098856, type: 2}
  m_PrefabInternal: {fileID: 485599564}
  serializedVersion: 4
  m_Component:
  - 4: {fileID: 1590536408}
  - 82: {fileID: 1590536407}
  m_Layer: 0
  m_Name: RunningSound
  m_TagString: Untagged
  m_Icon: {fileID: 0}
  m_NavMeshLayer: 0
  m_StaticEditorFlags: 0
  m_IsActive: 1
--- !u!82 &1590536407
AudioSource:
  m_ObjectHideFlags: 0
  m_PrefabParentObject: {fileID: 8200002, guid: 57a3d153ef242284eb9628e808098856,
    type: 2}
  m_PrefabInternal: {fileID: 485599564}
  m_GameObject: {fileID: 1590536406}
  m_Enabled: 1
  serializedVersion: 3
  m_audioClip: {fileID: 8300000, guid: 7db22a36e81458f4380bb68e37f28ee6, type: 3}
  m_PlayOnAwake: 1
  m_Volume: 0
  m_Pitch: 1
  Loop: 1
  Mute: 0
  Priority: 128
  DopplerLevel: 1
  MinDistance: 1
  MaxDistance: 500
  Pan2D: 0
  rolloffMode: 0
  BypassEffects: 0
  BypassListenerEffects: 0
  BypassReverbZones: 0
  rolloffCustomCurve:
    serializedVersion: 2
    m_Curve:
    - time: 0
      value: 1
      inSlope: 0
      outSlope: 0
      tangentMode: 0
    - time: 1
      value: 0
      inSlope: 0
      outSlope: 0
      tangentMode: 0
    m_PreInfinity: 2
    m_PostInfinity: 2
  panLevelCustomCurve:
    serializedVersion: 2
    m_Curve:
    - time: 0
      value: 1
      inSlope: 0
      outSlope: 0
      tangentMode: 0
    m_PreInfinity: 2
    m_PostInfinity: 2
  spreadCustomCurve:
    serializedVersion: 2
    m_Curve:
    - time: 0
      value: 0
      inSlope: 0
      outSlope: 0
      tangentMode: 0
    m_PreInfinity: 2
    m_PostInfinity: 2
--- !u!4 &1590536408
Transform:
  m_ObjectHideFlags: 0
  m_PrefabParentObject: {fileID: 400004, guid: 57a3d153ef242284eb9628e808098856, type: 2}
  m_PrefabInternal: {fileID: 485599564}
  m_GameObject: {fileID: 1590536406}
  m_LocalRotation: {x: 0, y: 0, z: 0, w: 1}
  m_LocalPosition: {x: .415391475, y: .136484608, z: 0}
  m_LocalScale: {x: .476213157, y: .476213157, z: .476213157}
  m_Children: []
  m_Father: {fileID: 740429463}
--- !u!1 &1596694540
GameObject:
  m_ObjectHideFlags: 0
  m_PrefabParentObject: {fileID: 0}
  m_PrefabInternal: {fileID: 0}
  serializedVersion: 4
  m_Component:
  - 4: {fileID: 1596694541}
  - 114: {fileID: 1596694543}
  - 132: {fileID: 1596694542}
  m_Layer: 0
  m_Name: FPSDisplay
  m_TagString: Untagged
  m_Icon: {fileID: 0}
  m_NavMeshLayer: 0
  m_StaticEditorFlags: 0
  m_IsActive: 1
--- !u!4 &1596694541
Transform:
  m_ObjectHideFlags: 0
  m_PrefabParentObject: {fileID: 0}
  m_PrefabInternal: {fileID: 0}
  m_GameObject: {fileID: 1596694540}
  m_LocalRotation: {x: 0, y: 0, z: 0, w: 1}
  m_LocalPosition: {x: .374728769, y: .96024251, z: 0}
  m_LocalScale: {x: 1, y: 1, z: 1}
  m_Children: []
  m_Father: {fileID: 956543070}
--- !u!132 &1596694542
GUIText:
  m_ObjectHideFlags: 0
  m_PrefabParentObject: {fileID: 0}
  m_PrefabInternal: {fileID: 0}
  m_GameObject: {fileID: 1596694540}
  m_Enabled: 0
  serializedVersion: 3
  m_Text: FPS
  m_Anchor: 0
  m_Alignment: 0
  m_PixelOffset: {x: 0, y: 0}
  m_LineSpacing: 1
  m_TabSize: 4
  m_Font: {fileID: 10102, guid: 0000000000000000e000000000000000, type: 0}
  m_Material: {fileID: 0}
  m_FontSize: 28
  m_FontStyle: 0
  m_Color:
    serializedVersion: 2
    rgba: 4294967295
  m_PixelCorrect: 1
  m_RichText: 1
--- !u!114 &1596694543
MonoBehaviour:
  m_ObjectHideFlags: 0
  m_PrefabParentObject: {fileID: 0}
  m_PrefabInternal: {fileID: 0}
  m_GameObject: {fileID: 1596694540}
  m_Enabled: 1
  m_EditorHideFlags: 0
  m_Script: {fileID: 11500000, guid: b823f11797e284f42a35f64368ec7aac, type: 3}
  m_Name: 
  m_EditorClassIdentifier: 
  updateInterval: .5
--- !u!1 &1682574188
GameObject:
  m_ObjectHideFlags: 0
  m_PrefabParentObject: {fileID: 100000, guid: 8e437b1506e324228a91f4bf371165fb, type: 2}
  m_PrefabInternal: {fileID: 675501460}
  serializedVersion: 4
  m_Component:
  - 4: {fileID: 1682574189}
  - 114: {fileID: 1682574191}
  m_Layer: 0
  m_Name: AdMobPlugin
  m_TagString: Untagged
  m_Icon: {fileID: 0}
  m_NavMeshLayer: 0
  m_StaticEditorFlags: 0
  m_IsActive: 1
--- !u!4 &1682574189
Transform:
  m_ObjectHideFlags: 0
  m_PrefabParentObject: {fileID: 400000, guid: 8e437b1506e324228a91f4bf371165fb, type: 2}
  m_PrefabInternal: {fileID: 675501460}
  m_GameObject: {fileID: 1682574188}
  m_LocalRotation: {x: 0, y: 0, z: 0, w: 1}
  m_LocalPosition: {x: 0, y: 0, z: 0}
  m_LocalScale: {x: 1, y: 1, z: 1}
  m_Children: []
  m_Father: {fileID: 956543070}
--- !u!114 &1682574191
MonoBehaviour:
  m_ObjectHideFlags: 0
  m_PrefabParentObject: {fileID: 11400000, guid: 8e437b1506e324228a91f4bf371165fb,
    type: 2}
  m_PrefabInternal: {fileID: 675501460}
  m_GameObject: {fileID: 1682574188}
  m_Enabled: 1
  m_EditorHideFlags: 0
  m_Script: {fileID: 11500000, guid: 3f83a8730a5ab409f953e6ff177698ef, type: 3}
  m_Name: 
  m_EditorClassIdentifier: 
--- !u!1001 &1811697868
Prefab:
  m_ObjectHideFlags: 0
  serializedVersion: 2
  m_Modification:
    m_TransformParent: {fileID: 956543070}
    m_Modifications:
    - target: {fileID: 11400000, guid: d65b5b8b42ae8f54780d300fb8a1b82b, type: 2}
      propertyPath: sfxGroups.Array.size
      value: 1
      objectReference: {fileID: 0}
    - target: {fileID: 11400000, guid: d65b5b8b42ae8f54780d300fb8a1b82b, type: 2}
      propertyPath: storedSFXs.Array.size
      value: 2
      objectReference: {fileID: 0}
    - target: {fileID: 11400000, guid: d65b5b8b42ae8f54780d300fb8a1b82b, type: 2}
      propertyPath: clipToGroupKeys.Array.size
      value: 1
      objectReference: {fileID: 0}
    - target: {fileID: 11400000, guid: d65b5b8b42ae8f54780d300fb8a1b82b, type: 2}
      propertyPath: clipToGroupValues.Array.size
      value: 1
      objectReference: {fileID: 0}
    - target: {fileID: 400000, guid: d65b5b8b42ae8f54780d300fb8a1b82b, type: 2}
      propertyPath: m_LocalPosition.x
      value: -.000192642212
      objectReference: {fileID: 0}
    - target: {fileID: 400000, guid: d65b5b8b42ae8f54780d300fb8a1b82b, type: 2}
      propertyPath: m_LocalPosition.y
      value: 0
      objectReference: {fileID: 0}
    - target: {fileID: 400000, guid: d65b5b8b42ae8f54780d300fb8a1b82b, type: 2}
      propertyPath: m_LocalPosition.z
      value: 0
      objectReference: {fileID: 0}
    - target: {fileID: 400000, guid: d65b5b8b42ae8f54780d300fb8a1b82b, type: 2}
      propertyPath: m_LocalRotation.x
      value: 0
      objectReference: {fileID: 0}
    - target: {fileID: 400000, guid: d65b5b8b42ae8f54780d300fb8a1b82b, type: 2}
      propertyPath: m_LocalRotation.y
      value: 0
      objectReference: {fileID: 0}
    - target: {fileID: 400000, guid: d65b5b8b42ae8f54780d300fb8a1b82b, type: 2}
      propertyPath: m_LocalRotation.z
      value: 0
      objectReference: {fileID: 0}
    - target: {fileID: 400000, guid: d65b5b8b42ae8f54780d300fb8a1b82b, type: 2}
      propertyPath: m_LocalRotation.w
      value: 1
      objectReference: {fileID: 0}
    - target: {fileID: 11400000, guid: d65b5b8b42ae8f54780d300fb8a1b82b, type: 2}
      propertyPath: storage
      value: 
      objectReference: {fileID: 0}
    - target: {fileID: 11400000, guid: d65b5b8b42ae8f54780d300fb8a1b82b, type: 2}
      propertyPath: storedSFXs.Array.data[0]
      value: 
      objectReference: {fileID: 8300000, guid: 273cbae5882bd7c4aa233a40b8c19a76, type: 3}
    - target: {fileID: 11400000, guid: d65b5b8b42ae8f54780d300fb8a1b82b, type: 2}
      propertyPath: sfxGroups.Array.data[0]
      value: 
      objectReference: {fileID: 1320189571}
    - target: {fileID: 11400000, guid: d65b5b8b42ae8f54780d300fb8a1b82b, type: 2}
      propertyPath: clipToGroupKeys.Array.data[0]
      value: GotAllCoinsInBatch01
      objectReference: {fileID: 0}
    - target: {fileID: 11400000, guid: d65b5b8b42ae8f54780d300fb8a1b82b, type: 2}
      propertyPath: clipToGroupValues.Array.data[0]
      value: CoinSounds
      objectReference: {fileID: 0}
    - target: {fileID: 11400000, guid: d65b5b8b42ae8f54780d300fb8a1b82b, type: 2}
      propertyPath: showDebug
      value: 1
      objectReference: {fileID: 0}
    - target: {fileID: 11400000, guid: d65b5b8b42ae8f54780d300fb8a1b82b, type: 2}
      propertyPath: storedSFXs.Array.data[1]
      value: 
      objectReference: {fileID: 8300000, guid: 08c27d2d5765b214894a64a29c9a8165, type: 3}
    - target: {fileID: 11400000, guid: d65b5b8b42ae8f54780d300fb8a1b82b, type: 2}
      propertyPath: sfxGroups.Array.data[1]
      value: 
      objectReference: {fileID: 2013893704}
    - target: {fileID: 11400000, guid: d65b5b8b42ae8f54780d300fb8a1b82b, type: 2}
      propertyPath: clipToGroupKeys.Array.data[1]
      value: JetpackOn04
      objectReference: {fileID: 0}
    - target: {fileID: 11400000, guid: d65b5b8b42ae8f54780d300fb8a1b82b, type: 2}
      propertyPath: clipToGroupValues.Array.data[1]
      value: Jetpack
      objectReference: {fileID: 0}
    - target: {fileID: 11400000, guid: d65b5b8b42ae8f54780d300fb8a1b82b, type: 2}
      propertyPath: storedSFXs.Array.data[2]
      value: 
      objectReference: {fileID: 8300000, guid: 08c27d2d5765b214894a64a29c9a8165, type: 3}
    - target: {fileID: 11400000, guid: d65b5b8b42ae8f54780d300fb8a1b82b, type: 2}
      propertyPath: offTheSFX
      value: 0
      objectReference: {fileID: 0}
    m_RemovedComponents: []
  m_ParentPrefab: {fileID: 100100000, guid: d65b5b8b42ae8f54780d300fb8a1b82b, type: 2}
  m_RootGameObject: {fileID: 1267846335}
  m_IsPrefabParent: 0
  m_IsExploded: 1
--- !u!1 &1855372932
GameObject:
  m_ObjectHideFlags: 0
  m_PrefabParentObject: {fileID: 0}
  m_PrefabInternal: {fileID: 0}
  serializedVersion: 4
  m_Component:
  - 4: {fileID: 1855372933}
  - 114: {fileID: 1855372934}
  m_Layer: 0
  m_Name: SocialManager
  m_TagString: Untagged
  m_Icon: {fileID: 0}
  m_NavMeshLayer: 0
  m_StaticEditorFlags: 0
  m_IsActive: 1
--- !u!4 &1855372933
Transform:
  m_ObjectHideFlags: 0
  m_PrefabParentObject: {fileID: 0}
  m_PrefabInternal: {fileID: 0}
  m_GameObject: {fileID: 1855372932}
  m_LocalRotation: {x: 0, y: 0, z: 0, w: 1}
  m_LocalPosition: {x: .689026237, y: .171843916, z: 0}
  m_LocalScale: {x: 1, y: 1, z: 1}
  m_Children: []
  m_Father: {fileID: 956543070}
--- !u!114 &1855372934
MonoBehaviour:
  m_ObjectHideFlags: 0
  m_PrefabParentObject: {fileID: 0}
  m_PrefabInternal: {fileID: 0}
  m_GameObject: {fileID: 1855372932}
  m_Enabled: 1
  m_EditorHideFlags: 0
  m_Script: {fileID: 11500000, guid: d4ee2eaf80f564f49a13de2e35419193, type: 3}
  m_Name: 
  m_EditorClassIdentifier: 
--- !u!114 &2013893704
MonoBehaviour:
  m_ObjectHideFlags: 0
  m_PrefabParentObject: {fileID: 0}
  m_PrefabInternal: {fileID: 0}
  m_GameObject: {fileID: 0}
  m_Enabled: 1
  m_EditorHideFlags: 0
  m_Script: {fileID: 11500000, guid: 5efe91ecd21c286469ff227cfd2a1c22, type: 3}
  m_Name: 
  m_EditorClassIdentifier: 
  groupName: Jetpack
  specificCapAmount: -1
--- !u!1 &2083313607
GameObject:
  m_ObjectHideFlags: 0
  m_PrefabParentObject: {fileID: 0}
  m_PrefabInternal: {fileID: 0}
  serializedVersion: 4
  m_Component:
  - 4: {fileID: 2083313608}
  m_Layer: 0
  m_Name: Buttons
  m_TagString: Untagged
  m_Icon: {fileID: 0}
  m_NavMeshLayer: 0
  m_StaticEditorFlags: 0
  m_IsActive: 1
--- !u!4 &2083313608
Transform:
  m_ObjectHideFlags: 0
  m_PrefabParentObject: {fileID: 0}
  m_PrefabInternal: {fileID: 0}
  m_GameObject: {fileID: 2083313607}
  m_LocalRotation: {x: 0, y: 0, z: 0, w: 1}
  m_LocalPosition: {x: .565877855, y: -.163965821, z: 0}
  m_LocalScale: {x: 1, y: 1, z: 1}
  m_Children:
  - {fileID: 195648188}
  - {fileID: 1154949720}
  m_Father: {fileID: 0}
--- !u!1 &2086203669
GameObject:
  m_ObjectHideFlags: 0
  m_PrefabParentObject: {fileID: 0}
  m_PrefabInternal: {fileID: 0}
  serializedVersion: 4
  m_Component:
  - 4: {fileID: 2086203670}
  - 114: {fileID: 2086203671}
  m_Layer: 0
  m_Name: CubesBackground
  m_TagString: Untagged
  m_Icon: {fileID: 0}
  m_NavMeshLayer: 0
  m_StaticEditorFlags: 0
  m_IsActive: 0
--- !u!4 &2086203670
Transform:
  m_ObjectHideFlags: 0
  m_PrefabParentObject: {fileID: 0}
  m_PrefabInternal: {fileID: 0}
  m_GameObject: {fileID: 2086203669}
  m_LocalRotation: {x: 0, y: 0, z: 0, w: 1}
  m_LocalPosition: {x: 0, y: 0, z: 0}
  m_LocalScale: {x: 1, y: 1, z: 1}
  m_Children: []
  m_Father: {fileID: 956543070}
--- !u!114 &2086203671
MonoBehaviour:
  m_ObjectHideFlags: 0
  m_PrefabParentObject: {fileID: 0}
  m_PrefabInternal: {fileID: 0}
  m_GameObject: {fileID: 2086203669}
  m_Enabled: 1
  m_EditorHideFlags: 0
  m_Script: {fileID: 11500000, guid: 026bf5e252def4d43ad0e0b771ce8431, type: 3}
  m_Name: 
  m_EditorClassIdentifier: 
